<?xml version="1.0" encoding="UTF-8"?><record xmlns="http://www.loc.gov/MARC21/slim" xmlns:cinclude="http://apache.org/cocoon/include/1.0" xmlns:zs="http://www.loc.gov/zing/srw/">
  <leader>00452cz  a2200133n  4500</leader>
  <controlfield tag="001">n  92071174 </controlfield>
  <controlfield tag="003">DLC</controlfield>
  <controlfield tag="005">19920714074424.9</controlfield>
  <controlfield tag="008">920714n| acannaab|          |a aaa |||  </controlfield>
  <datafield tag="010" ind1=" " ind2=" ">
    <subfield code="a">n  92071174 </subfield>
  </datafield>
  <datafield tag="040" ind1=" " ind2=" ">
    <subfield code="a">DLC</subfield>
    <subfield code="c">DLC</subfield>
    <subfield code="d">DLC</subfield>
  </datafield>
  <datafield tag="100" ind1="1" ind2="0">
    <subfield code="a">Di Mauro, Ernesto,</subfield>
    <subfield code="d">1945-</subfield>
  </datafield>
  <datafield tag="400" ind1="1" ind2="0">
    <subfield code="a">Mauro, Ernesto Di,</subfield>
    <subfield code="d">1945-</subfield>
  </datafield>
  <datafield tag="670" ind1=" " ind2=" ">
    <subfield code="a">His Il dio genetico, c1991:</subfield>
    <subfield code="b">t.p. (Ernesto Di Mauro) jkt. (1945; prof. ordinario di biologia molecolare all'UniversitaĚ "La Sapienza" di Roma)</subfield>
  </datafield>
</record>